@article{mukherjee1994network,
  title={Network intrusion detection},
  author={Mukherjee, Biswanath and Heberlein, L Todd and Levitt, Karl N},
  journal={IEEE network},
  volume={8},
  number={3},
  pages={26--41},
  year={1994},
  publisher={IEEE}
}
@inproceedings{xu2011network,
  title={Network-aware behavior clustering of Internet end hosts},
  author={Xu, Kuai and Wang, Feng and Gu, Lin},
  booktitle={2011 Proceedings IEEE INFOCOM},
  pages={2078--2086},
  year={2011},
  organization={IEEE}
}
@inproceedings{kopp2018community,
  title={Community-based anomaly detection},
  author={Kopp, Martin and Grill, Martin and Kohout, Jan},
  booktitle={2018 IEEE International Workshop on Information Forensics and Security (WIFS)},
  pages={1--6},
  year={2018},
  organization={IEEE}
}
@online{hron2018breaches,
  author={Hron, Martin},
  title={The 10 Biggest Data Breaches in 2018},
  year={2018},
  url={https://blog.avast.com/biggest-data-breaches},
  urldate={2019-04-05}
}
@article{liebman2015representative,
  title={Representative Selection in Nonmetric Datasets},
  author={Liebman, Elad and Chor, Benny and Stone, Peter},
  journal={Applied Artificial Intelligence},
  volume={29},
  number={8},
  pages={807--838},
  year={2015},
  publisher={Taylor \& Francis}
}
@article{liao2013intrusion,
  title={Intrusion detection system: A comprehensive review},
  author={Liao, Hung-Jen and Lin, Chun-Hung Richard and Lin, Ying-Chih and Tung, Kuang-Yuan},
  journal={Journal of Network and Computer Applications},
  volume={36},
  number={1},
  pages={16--24},
  year={2013},
  publisher={Elsevier}
}
@book{guttag2016introduction,
  title={Introduction to Computation and Programming Using Python: With Application to Understanding Data},
  author={Guttag, John},
  year={2016},
  publisher={MIT Press}
}
@book{choudhary1992elements,
  title={The elements of complex analysis},
  author={Choudhary, B},
  year={1992},
  publisher={New Age International},
  pages={20--20},
  ISBN={978812240399}
}
@book{tan2014introduction,
  title={Introduction to data mining},
  author={Tan, Pang-Ning and Steinbach, Michael and Kumar, Vipin},
  year={2014},
  publisher={Harlow: Pearson},
  ISBN={9781292026152}
}
@book{stahl2014introduction,
  title={Introduction to topology and geometry},
  author={Stahl, Saul and Stenson, Catherine},
  year={2014},
  publisher={John Wiley \& Sons}
}
@online{cooper2019bestids,
  author={Cooper, Stephen},
  title={2019 Best Intrusion Detection Systems (10+ IDS Tools Reviewed)},
  year={2019},
  url={https://www.comparitech.com/net-admin/network-intrusion-detection-tools/},
  urldate={2019-04-27}
}
@misc{dua1998pendigit,
author = "Dua, Dheeru and Graff, Casey",
year = "2017",
title = "{UCI} Machine Learning Repository",
url = "http://archive.ics.uci.edu/ml",
institution = "University of California, Irvine, School of Information and Computer Sciences"
} 
@online{xiao2017fashion,
  author       = {Han Xiao and Kashif Rasul and Roland Vollgraf},
  title        = {Fashion-MNIST: a Novel Image Dataset for Benchmarking Machine Learning Algorithms},
  date         = {2017-08-28},
  year         = {2017},
  eprintclass  = {cs.LG},
  eprinttype   = {arXiv},
  eprint       = {cs.LG/1708.07747},
}
@techreport{rfc2722,
   AUTHOR = "Brownlee, N. and Mills, C. and Ruth, G.",
   TITLE = "{Traffic Flow Measurement: Architecture}",
   HOWPUBLISHED = {Internet Requests for Comments},
   TYPE="{RFC}",
   NUMBER=2722,
   YEAR = {1999},
   MONTH = {October},
   ISSN = {2070-1721},
   PUBLISHER = "{RFC Editor}",
   INSTITUTION = "{RFC Editor}",
   URL={https://www.rfc-editor.org/rfc/rfc2722.txt}
}
@article{scikit-learn,
 title={Scikit-learn: Machine Learning in {P}ython},
 author={Pedregosa, F. and Varoquaux, G. and Gramfort, A. and Michel, V.
         and Thirion, B. and Grisel, O. and Blondel, M. and Prettenhofer, P.
         and Weiss, R. and Dubourg, V. and Vanderplas, J. and Passos, A. and
         Cournapeau, D. and Brucher, M. and Perrot, M. and Duchesnay, E.},
 journal={Journal of Machine Learning Research},
 volume={12},
 pages={2825--2830},
 year={2011}
}
